<record><leader>00000cas a22000007a 4500</leader><controlfield tag="001">11776755</controlfield><controlfield tag="008">850307d19791983mtuwr ne      0    0eng d</controlfield><datafield ind1=" " ind2=" " tag="010"><subfield code="a">sn 85053061 </subfield></datafield><datafield ind1=" " ind2=" " tag="040"><subfield code="a">MTL</subfield><subfield code="b">eng</subfield><subfield code="c">MTL</subfield><subfield code="d">OCLCQ</subfield></datafield><datafield ind1=" " ind2=" " tag="042"><subfield code="a">msc</subfield></datafield><datafield ind1="0" ind2="4" tag="245"><subfield code="a">The Stillwater County citizen.</subfield></datafield><datafield ind1=" " ind2=" " tag="260"><subfield code="a">Columbus, Mont. :</subfield><subfield code="b">D. Burkhart,</subfield><subfield code="c">1979-1983.</subfield></datafield><datafield ind1=" " ind2=" " tag="300"><subfield code="a">5 v. :</subfield><subfield code="b">ill. ;</subfield><subfield code="c">43 cm.</subfield></datafield><datafield ind1=" " ind2=" " tag="310"><subfield code="a">Weekly</subfield></datafield><datafield ind1="0" ind2=" " tag="362"><subfield code="a">Vol. 79, no. 37 (Sept. 13, 1979)-v. 83, no. 9 (Feb. 24, 1983).</subfield></datafield><datafield ind1=" " ind2=" " tag="752"><subfield code="a">United States</subfield><subfield code="b">Montana</subfield><subfield code="c">Stillwater</subfield><subfield code="d">Columbus.</subfield></datafield><datafield ind1="0" ind2="0" tag="780"><subfield code="t">Columbus news (Columbus, Mont. : 1919)</subfield><subfield code="w">(DLC)sn 85053060</subfield></datafield><datafield ind1="0" ind2="7" tag="785"><subfield code="t">Sun (Absarokee, Mont.)</subfield><subfield code="w">(DLC)sn 83047011</subfield></datafield><datafield ind1="0" ind2="7" tag="785"><subfield code="t">Citizen-sun</subfield><subfield code="w">(DLC)sn 84036114</subfield></datafield></record>